@book{wertz2012spacecraft,
  chapter = {Modeling the space environment},
  title={Spacecraft attitude determination and control},
  author={Wertz, James R},
  volume={73},
  year={2012},
  publisher={Springer Science \& Business Media}
}

@article{lovera2001periodic,
  title={Periodic attitude control for satellites with magnetic actuators: an overview},
  author={Lovera, Marco},
  journal={IFAC Proceedings Volumes},
  volume={34},
  number={12},
  pages={113--118},
  year={2001},
  publisher={Elsevier},
  doi = {\url{https://doi.org/10.1016/S1474-6670(17)34071-5}}
}


@article{love2008magnetic,
  title={Magnetic monitoring of Earth and space},
  author={Love, Jeffrey J},
  journal={Physics Today},
  volume={61},
  number={2},
  pages={31},
  year={2008},
  publisher={American Institute of Physics}
}
@article{alken2021international,
  title={International geomagnetic reference field: the thirteenth generation},
  author={Alken, Patrick and Th{\'e}bault, Erwan and Beggan, Ciar{\'a}n D and Amit, H and Aubert, J and Baerenzung, J and Bondar, TN and Brown, WJ and Califf, S and Chambodut, A and others},
  journal={Earth, Planets and Space},
  volume={73},
  number={1},
  pages={1--25},
  year={2021},
  publisher={SpringerOpen}
}

@book{kuipers1999quaternions,
  title={Quaternions and rotation sequences: a primer with applications to orbits, aerospace, and virtual reality},
  author={Kuipers, Jack B},
  year={1999},
  publisher={Princeton university press}
}

@article{hamilton1848xi,
  title={On quaternions; or on a new system of imaginaries in algebra},
  author={Hamilton, William Rowan},
  journal={The London, Edinburgh, and Dublin Philosophical Magazine and Journal of Science},
  volume={33},
  number={219},
  pages={58--60},
  year={1848},
  publisher={Taylor \& Francis}
}

@article{sola2017quaternion,
  title={Quaternion kinematics for the error-state Kalman filter},
  author={Sola, Joan},
  journal={arXiv preprint arXiv:1711.02508},
  year={2017}
}


@book{wie1998space,
  title={Space vehicle dynamics and control},
  author={Wie, Bong},
  year={1998},
  publisher={Aiaa}
}


@inproceedings{bhatt2015thermally,
  title={Thermally-Constrained Fuel-Optimal ISS Maneuvers},
  author={Bhatt, Sagar and Svecz, Andrew and Alaniz, Abran and Jang, Jiann-Woei and Nguyen, Louis and Spanos, Pol},
  booktitle={Guidance and Control Conference},
  number={JSC-CN-32749},
  year={2015}
}

@book{sidi1997spacecraft,
  title={Spacecraft dynamics and control: a practical engineering approach},
  author={Sidi, Marcel J},
  volume={7},
  year={1997},
  publisher={Cambridge university press}
}

@article{boulet1991methods,
  title={Methods of orbit determination for the microcomputer},
  author={Boulet, Dan L},
  journal={Richmond},
  year={1991}
}

@book{vallado2001fundamentals,
  title={Fundamentals of astrodynamics and applications},
  author={Vallado, David A},
  volume={12},
  year={2001},
  publisher={Springer Science \& Business Media}
}

@book{curtis2013orbital,
  title={Orbital mechanics for engineering students},
  author={Curtis, Howard},
  year={2013},
  publisher={Butterworth-Heinemann}
}

@book{seidelmann2006explanatory,
  title={Explanatory supplement to the astronomical almanac},
  author={Seidelmann, P Kenneth},
  year={2006},
  publisher={University Science Books}
}

@book{fehlberg1969low,
  title={Low-order classical Runge-Kutta formulas with stepsize control and their application to some heat transfer problems},
  author={Fehlberg, Erwin},
  volume={315},
  year={1969},
  publisher={National aeronautics and space administration}
}

@book{bond1996modern,
  title={Modern Astrodynamics: Fundamentals and perturbation methods},
  author={Bond, Victor R and Allman, Mark C},
  volume={51},
  year={1996},
  publisher={Princeton University Press}
}


@article{silani2005magnetic,
  title={Magnetic spacecraft attitude control: a survey and some new results},
  author={Silani, Enrico and Lovera, Marco},
  journal={Control engineering practice},
  volume={13},
  number={3},
  pages={357--371},
  year={2005},
  publisher={Elsevier}
}


@inproceedings{yadav2020investigation,
  title={Investigation of Instabilities in Detumbling Algorithms},
  author={Yadav, Jeet and Goyal, Tushar},
  booktitle={2020 IEEE Aerospace Conference},
  pages={1--8},
  year={2020},
  organization={IEEE}
}

@article{andresen2005attitude,
  title={Attitude control system for AAUSAT-II},
  author={Andresen, Bo {\O}rsted and Gr{\o}n, Claus and Knudsen, Rasmus Hviid and Nielsen, Claus and S{\o}rensen, Kresten Kj{\ae}r and Taagaard, Dan},
  journal={Institute of Electronic Systems, Aalborg University},
  year={2005}
}

@article{pignede2014detumbling,
  title={Detumbling of the NTNU Test Satellite},
  author={Pign{\`e}de, A},
  journal={Project thesis, Norwegian University of Science and Technology, Department of Engineering Cybernetics},
  year={2014}
}

@article{markley2014fundamentals,
  title={Fundamentals of spacecraft attitude determination and control},
  author={Markley, F Landis and Crassidis, John L},
  year={2014},
  publisher={Springer}
}

@article{lovera2006global,
  title={Global magnetic attitude control of spacecraft in the presence of gravity gradient},
  author={Lovera, Marco and Astolfi, Alessandro},
  journal={IEEE transactions on aerospace and electronic systems},
  volume={42},
  number={3},
  pages={796--805},
  year={2006},
  publisher={IEEE}
}

@misc{jonsson2019simulations,
  title={Simulations of Satellite Attitude Maneuvers: Detumbling and Pointing},
  author={Jonsson, Lisa},
  year={2019}
}
@article{crassidis2000optimal,
  title={Optimal variable-structure control tracking of spacecraft maneuvers},
  author={Crassidis, John L and Vadali, Srinivas R and Markley, F Landis},
  journal={Journal of Guidance, Control, and Dynamics},
  volume={23},
  number={3},
  pages={564--566},
  year={2000}
}

@article{schaub2001adaptive,
  title={Adaptive control of nonlinear attitude motions realizing linear closed loop dynamics},
  author={Schaub, Hanspeter and Akella, Maruthi R and Junkins, John L},
  journal={Journal of Guidance, Control, and Dynamics},
  volume={24},
  number={1},
  pages={95--100},
  year={2001}
}

@book{hughes2012spacecraft,
  title={Spacecraft attitude dynamics},
  author={Hughes, Peter C},
  year={2012},
  publisher={Courier Corporation}
}

@article{hasan2006review,
  title={REVIEW ON ATTITUDE ESTMATION ALGORITHM OF ATTITUDE DETERMINATION SYSTEM},
  author={Hasan, Mohd Zamri and Ahmed, Amran and Abdullah, Abu Hassan and Yaacob, Sazali and Yaakob, Shamshul Bahar and Idris, Muhd Hafizi and Said, Md Azlin Md},
  year={2006}
}

@article{fujii2013extended,
  title={Extended kalman filter},
  author={Fujii, Keisuke},
  journal={Refernce Manual},
  pages={14--22},
  year={2013}
}